

@misc{BBCmigrationGraphics,
  author = {BBC},
  title = {Migrant crisis: {M}igration to {E}urope explained in graphics},
  year = 2016,
  Note = "\url{http://www.bbc.com/news/world-europe-34131911}
}

@misc{SyriaFacts,
  author = {worldatlas.com},
  title = {Syrian {A}rab {R}epublic},
  year = 2015,
  Note = "\url{http://www.worldatlas.com/webimage/countrys/asia/syria/syfacts.htm} [Accessed: Feb 1, 2016]"
}

@misc{AfghanistanFacts,
  author = {worldatlas.com},
  title = {Afghanistan},
  year = 2015,
  Note = "\url{www.worldatlas.com/webimage/countrys/asia/afghanistan/affacts.htm} [Accessed: Feb 1, 2016]"
}

@misc{Kosovo,
  author = {beepromarketing.com},
  title = {Major {C}ities {I}n {K}osovo},
  year = 2016,
  Note = "\url{http://www.beinkosovo.com/en/major-cities-in-kosovo#-prizren-96} [Accessed: Feb 1, 2016]"
}


@misc{IraqFacts,
  author = {worldatlas.com},
  title = {Iraq},
  year = 2015,
  Note = "\url{http://www.worldatlas.com/webimage/countrys/asia/iraq/iqfacts.htm} [Accessed: Feb 1, 2016]"
}


@misc{AlbaniaCities,
  author = {mongabay.com},
  title = {The largest cities in Albania, ranked by population},
  Note = "\url{http://population.mongabay.com/population/albania} [Accessed: Feb 1, 2016]"
}

@misc{CNN1,
  author = {Michael Martinez},
  title = {Syrian refugees: {W}hich countries welcome them, which ones don't},
  year = 2015,
  Note = "\url{http://www.cnn.com/2015/09/09/world/welcome-syrian-refugees-countries/} [Accessed: Feb 1, 2016]"
}


@misc{HORO,
  author = {Human Development Report Office},
  title = {Human {D}Development {R}eport 2015},
  year = 2015,
  Note = "\url{http://report.hdr.undp.org/} [Accessed: Feb 1, 2016]"
}


@misc{FFP,
  author = {The Fund for Peace},
  title = {Fragile {S}tates {I}ndex 2015},
  year = 2016,
  Note = "\url{http://fsi.fundforpeace.org/} [Accessed: Feb 1, 2016]"
}

@misc{FFP,
  author = {The Fund for Peace},
  title = {Fragile {S}tates {I}ndex 2015},
  year = 2016,
  Note = "\url{http://fsi.fundforpeace.org/} [Accessed: Feb 1, 2016]"
}


@Article{model1,
    title = {Using {M}arkov {C}hains to {M}odel {H}uman {M}igration in a {N}etwork {E}quilibrium {F}ramework},
    author = {J. Pan and A. Nagurney},
    journal = {Mathematical and Computer Modelling},
    year = {1994},
    volume = {19},
    number = {11},
    pages = {31-39}
  }
  
@misc{CNN2,
  author = {Michael Martinez},
  title = {{UNHCR}: {R}efugee numbers reach highest ever recorded},
  year = 2015,
  Note = "\url{http://www.cnn.com/2015/06/18/world/unhcr-refugees-most-in-history/} [Accessed: Feb 1, 2016]"
}

@misc{BBC8000,
  title = {{E}urope gets 8,000 refugees daily - {UN}},
  year = 2015,
  Note = "\url{http://www.bbc.com/news/world-europe-34356758} [Accessed: Feb 1, 2016]"
}

@misc{FSIArt,
  title = {{F}ragile {S}tates {I}ndex},
  year = 2015,
  Note = "\url{http://foreignpolicy.com/fragile-states-2014/} [Accessed: Feb 1, 2016]"
}

@misc{FSINum,
  title = {{F}ragile {S}tates {I}ndex 2014},
  year = 2014,
  pages= {4-5},
  Note = "\url{http://library.fundforpeace.org/library/cfsir1423-fragilestatesindex2014-06d.pdf} [Accessed: Feb 1, 2016]"
}

@misc{HDI,
  title = {{H}uman {D}evelopment {I}ndex ({HDI})},
  year = 2014,
  pages= {4-5},
  Note = "\url{http://hdr.undp.org/en/content/human-development-index-hdi} [Accessed: Feb 1, 2016]"
}

@misc{UNBudget,
  title = {{I}dentifying {N}eeds and {F}unding {R}equirements},
  year = 2015,
  Note = "\url{http://www.unhcr.org/5461e5f30.html} [Accessed: Feb 1, 2016]"
}

@misc{POPData,
  title = {2014 {W}orld {P}opulation {D}ata {S}heet},
  year = 2014,
  Note = "\url{http://www.prb.org/pdf14/2014-world-population-data-sheet_eng.pdf} [Accessed: Feb 1, 2016]"
}

@misc{Rdata,
    title = {{UNHCR} {S}tatistics},
    year = 2016,
    Note = "\url{http://popstats.unhcr.org/en/overview}[Accessed: Feb 1, 2016]"
}

@misc{CostLiving,
  title = {{C}ost of {L}iving for {C}ountry 2016},
  year = 2016,
  Note = "\url{http://www.numbeo.com/cost-of-living/rankings_by_country.jsp} [Accessed: Feb 1, 2016]"
}

@misc{Resettle,
  title = {{F}requently {A}sked {Q}uestions},
  year = 2016,
  Note = "\url{http://www.ascentria.org/frequently-asked-question-about-refugee-resettlement-1} [Accessed: Feb 1, 2016]"
}

@misc{GDP,
  year = 2016,
  Note = "\url{http://www.tradingeconomics.com/country-list/gdp} [Accessed: Feb 1, 2016]"
}

@article{10.2307/3002424,
 ISSN = {01979183, 17477379},
 URL = {http://www.jstor.org/stable/3002424},
 author = {E. F. Kunz},
 journal = {The International Migration Review},
 number = {2},
 pages = {125-146},
 publisher = {[Center for Migration Studies of New York, Inc., Wiley]},
 title = {The Refugee in Flight: Kinetic Models and Forms of Displacement.},
 volume = {7},
 year = {1973}
}


%http://www.numbeo.com/cost-of-living/rankings_by_country.jsp
%http://www.ascentria.org/frequently-asked-question-about-refugee-resettlement-1
%http://www.tradingeconomics.com/country-list/gdp
%unchr stat data
%http://www.cnn.com/2015/06/18/world/unhcr-refugees-most-in-history/

%Population Data
%http://www.prb.org/
%UN Budget Information
%http://www.unhcr.org/5461e5f30.html

%Websites for metrics of movement
%http://www.bbc.com/news/world-europe-34131911

%Websites for population centers
%www.worldatlas.com/webimage/countrys/asia/syria/syfacts.htm
%www.worldatlas.com/webimage/countrys/asia/afghanistan/affacts.htm
%http://www.beinkosovo.com/en/major-cities-in-kosovo#-prizren-96
%www.worldatlas.com/webimage/countrys/asia/iraq/iqfacts.htm
%population.mongabay.com/population/albania

%Website for Receiving Countries
%http://www.cnn.com/2015/09/09/world/welcome-syrian-refugees-countries/

%Human Development Index Data
%http://report.hdr.undp.org/
%Fragile States Index Data
%http://fsi.fundforpeace.org/

%Articles for Model
%http://ac.els-cdn.com/0377221792901405/1-s2.0-0377221792901405-main.pdf?_tid=13d16cd2-c6fb-11e5-9349-00000aacb35f&acdnat=1454121917_ce9c063e6c3ee6fa40d4ecfa07e407d2
%http://ac.els-cdn.com/0895717794900140/1-s2.0-0895717794900140-main.pdf?_tid=066386d4-c6ab-11e5-b1db-00000aab0f02&acdnat=1454087535_efb1621c34995d416ab9e7b7ede025c3




%The Human Development Index
%http://hdr.undp.org/en/content/human-development-index-hdi
%The Fragile States Index
%http://foreignpolicy.com/fragile-states-2014/
